@article{kingma,
   author = {{Kingma}, D.~P and {Welling}, M.},
    title = "{Auto-Encoding Variational Bayes}",
  journal = {ArXiv e-prints},
archivePrefix = "arXiv",
   eprint = {1312.6114},
 primaryClass = "stat.ML",
 keywords = {Statistics - Machine Learning, Computer Science - Learning},
     year = 2013,
    month = dec,
   adsurl = {http://adsabs.harvard.edu/abs/2013arXiv1312.6114K},
  adsnote = {Provided by the SAO/NASA Astrophysics Data System}
}

@misc{hoover,
    author = {{Hoover}, Randy},
    title = "{An Introduction to Manifold Learning}",
    year = 2018,
    month = mar,
}
